@misc{linux_kernel_6_12_6,
  author       = {Linus Torvalds and contributors},
  title        = {{Linux Kernel v6.12.6}},
  howpublished = {\url{https://cdn.kernel.org/pub/linux/kernel/v6.x/}},
  month        = dec,
  year         = {2024},
  note         = {Accessed: 2024-12-30}
}

@misc{linux_kernel_0_11,
  author       = {Linus Torvalds and contributors},
  title        = {{Linux Kernel v0.11}},
  howpublished = {\url{https://www.kernel.org/pub/linux/kernel/v0.1x/}},
  month        = sep,
  year         = {1992},
  note         = {Accessed: 2024-12-30}
}

@book{shank2023linux,
  author    = {闪客},
  title     = {{Linux源码趣读}},
  publisher = {电子工业出版社},
  year      = {2023},
  month     = sep,
  day       = {1},
  pages     = {424},
  isbn      = {9787121462870}
}